@article{Aafaq2023-vk,
  author   = {Aafaq, Nayyer and Mian, Ajmal and Akhtar, Naveed and Liu, Wei and
              Shah, Mubarak},
  journal  = {IEEE Trans. Multimedia},
  keywords = {Proposals;Task
              analysis;Semantics;Visualization;Linguistics;Transformers;Event
              detection;Context modeling;dense video captioning;event
              localisation;language and vision;video captioning;DVC;2022ADVC},
  pages    = {2309--2322},
  title    = {{Dense Video Captioning With Early Linguistic Information Fusion}},
  volume   = 25,
  year     = 2023
}

@article{Abu-El-Haija2016-yh,
  archiveprefix = {arXiv},
  author        = {Abu-El-Haija, Sami and Kothari, Nisarg and Lee, Joonseok and
                   Natsev, Paul and Toderici, George and Varadarajan,
                   Balakrishnan and Vijayanarasimhan, Sudheendra},
  eprint        = {1609.08675},
  month         = sep,
  primaryclass  = {cs.CV},
  title         = {{YouTube-8M: A Large-Scale Video Classification Benchmark}},
  year          = 2016
}

@misc{agarap2018deep,
  author       = {Agarap, Abien Fred},
  howpublished = {arXiv:1803.08375},
  title        = {Deep Learning using Rectified Linear Units ({ReLU})},
  year         = {2018}
}

@inproceedings{Akbari2021-ih,
  author    = {Akbari, Hassan and Yuan, Liangzhe and Qian, Rui and Chuang,
               Wei-Hong and Chang, Shih-Fu and Cui, Yin and Gong, Boqing},
  booktitle = {{Advances in Neural Information Processing Systems}},
  editor    = {Ranzato, M and Beygelzimer, A and Dauphin, Y and Liang, P S and
               Vaughan, J Wortman},
  pages     = {24206--24221},
  publisher = {Curran Associates, Inc.},
  title     = {{VATT: Transformers for Multimodal Self-Supervised Learning from
               Raw Video, Audio and Text}},
  volume    = 34,
  year      = 2021
}

@inproceedings{Alayrac2022-ac,
  author    = {Alayrac, Jean-Baptiste and Donahue, Jeff and Luc, Pauline and
               Miech, Antoine and Barr, Iain and Hasson, Yana and Lenc, Karel
               and Mensch, Arthur and Millican, Katherine and Reynolds, Malcolm
               and Ring, Roman and Rutherford, Eliza and Cabi, Serkan and Han,
               Tengda and Gong, Zhitao and Samangooei, Sina and Monteiro,
               Marianne and Menick, Jacob L and Borgeaud, Sebastian and Brock,
               Andy and Nematzadeh, Aida and Sharifzadeh, Sahand and
               Bi{\'n}kowski, Miko{\l} aj and Barreira, Ricardo and Vinyals,
               Oriol and Zisserman, Andrew and Simonyan, Kar{\'e}n},
  booktitle = {{Advances in Neural Information Processing Systems}},
  editor    = {Koyejo, S and Mohamed, S and Agarwal, A and Belgrave, D and Cho,
               K and Oh, A},
  pages     = {23716--23736},
  publisher = {Curran Associates, Inc.},
  title     = {{Flamingo: a Visual Language Model for Few-Shot Learning}},
  volume    = 35,
  year      = 2022
}

@inproceedings{alayrac2022flamingo,
  author    = {Alayrac, Jean-Baptiste and Donahue, Jeff and Luc, Paul and others},
  booktitle = {Advances in Neural Information Processing Systems},
  title     = {Flamingo: a Visual Language Model for Few-Shot Learning},
  year      = {2022}
}

@article{Arjovsky2017-ay,
  archiveprefix = {arXiv},
  author        = {Arjovsky, Martin and Chintala, Soumith and Bottou, L{\'e}on},
  eprint        = {1701.07875},
  keywords      = {GAN;Theory;Vision;2022ADVC},
  month         = jan,
  primaryclass  = {stat.ML},
  title         = {{Wasserstein GAN}},
  year          = 2017
}

@inproceedings{Arjovsky2017-qu,
  author    = {Arjovsky, Martin and Chintala, Soumith and Bottou, L{\'e}on},
  booktitle = {{Proceedings of the 34th International Conference on Machine
               Learning}},
  editor    = {Precup, Doina and Teh, Yee Whye},
  pages     = {214--223},
  publisher = {PMLR},
  series    = {Proceedings of Machine Learning Research},
  title     = {{{W}asserstein Generative Adversarial Networks}},
  volume    = 70,
  year      = 2017
}

@inproceedings{Arnab2021-gv,
  author     = {Arnab, Anurag and Dehghani, Mostafa and Heigold, Georg and
                Sun, Chen and Lucic, Mario and Schmid, Cordelia},
  booktitle  = {{2021 IEEE/CVF International Conference on Computer Vision
                (ICCV)}},
  conference = {2021 IEEE/CVF International Conference on Computer Vision
                (ICCV)},
  location   = {Montreal, QC, Canada},
  month      = oct,
  pages      = {6836--6846},
  publisher  = {IEEE},
  title      = {{ViViT: A Video Vision Transformer}},
  year       = 2021
}

@inproceedings{Bain2021-si,
  author     = {Bain, Max and Nagrani, Arsha and Varol, Gul and Zisserman,
                Andrew},
  booktitle  = {{2021 IEEE/CVF International Conference on Computer Vision
                (ICCV)}},
  conference = {2021 IEEE/CVF International Conference on Computer Vision
                (ICCV)},
  location   = {Montreal, QC, Canada},
  month      = oct,
  publisher  = {IEEE},
  title      = {{Frozen in Time: A Joint Video and Image Encoder for
                End-to-End Retrieval}},
  year       = 2021
}











@inproceedings{Banerjee2005-zo,
  address   = {Ann Arbor, Michigan},
  author    = {Banerjee, Satanjeev and Lavie, Alon},
  booktitle = {{Proceedings of the {ACL} Workshop on Intrinsic and Extrinsic
               Evaluation Measures for Machine Translation and/or Summarization}},
  keywords  = {2021DVC;2022ADVC},
  month     = jun,
  pages     = {65--72},
  publisher = {Association for Computational Linguistics},
  title     = {{METEOR: An Automatic Metric for MT Evaluation with Improved
               Correlation with Human Judgments}},
  year      = 2005
}

@inproceedings{banerjee2005meteor,
  author    = {Banerjee, Satanjeev and Lavie, Alon},
  booktitle = {Proceedings of the ACL Workshop on Intrinsic and Extrinsic Evaluation Measures for Machine Translation and/or Summarization},
  pages     = {65--72},
  title     = {{METEOR}: An Automatic Metric for {MT} Evaluation with Improved Correlation with Human Judgments},
  year      = {2005}
}

@inproceedings{baraldi2017hierarchical,
  author    = {Baraldi, Lorenzo and Grana, Costantino and Cucchiara, Rita},
  booktitle = {Proceedings of the IEEE Conference on Computer Vision and Pattern Recognition},
  pages     = {1657--1666},
  title     = {Hierarchical Boundary-Aware Neural Encoder for Video Captioning},
  year      = {2017}
}

@article{Bhooshan2022-ex,
  author  = {Bhooshan, Reshmi S and K., Suresh},
  journal = {IEEE Access},
  pages   = {92166--92176},
  title   = {{A Multimodal Framework for Video Caption Generation}},
  volume  = 10,
  year    = 2022
}

@article{bhooshan2022multimodal,
  author  = {Bhooshan, Ritesh S. and K., Suresh},
  journal = {IEEE Access},
  pages   = {92166--92176},
  title   = {A Multimodal Framework for Video Caption Generation},
  volume  = {10},
  year    = {2022}
}

@article{Borgeaud2021-dx,
  archiveprefix = {arXiv},
  author        = {Borgeaud, Sebastian and Mensch, Arthur and Hoffmann, Jordan
                   and Cai, Trevor and Rutherford, Eliza and Millican, Katie
                   and van den Driessche, George and Lespiau, Jean-Baptiste and
                   Damoc, Bogdan and Clark, Aidan and de Las Casas, Diego and
                   Guy, Aurelia and Menick, Jacob and Ring, Roman and Hennigan,
                   Tom and Huang, Saffron and Maggiore, Loren and Jones, Chris
                   and Cassirer, Albin and Brock, Andy and Paganini, Michela
                   and Irving, Geoffrey and Vinyals, Oriol and Osindero, Simon
                   and Simonyan, Karen and Rae, Jack W and Elsen, Erich and
                   Sifre, Laurent},
  eprint        = {2112.04426},
  month         = dec,
  primaryclass  = {cs.CL},
  title         = {{Improving language models by retrieving from trillions of
                   tokens}},
  year          = 2021
}

@inproceedings{Bowman2016-ht,
  address   = {Berlin, Germany},
  author    = {Bowman, Samuel R and Vilnis, Luke and Vinyals, Oriol and Dai,
               Andrew M and Jozefowicz, Rafal and Bengio, Samy},
  booktitle = {{Proceedings of the 20th {SIGNLL} Conference on Computational
               Natural Language Learning}},
  keywords  = {VAE;NLP;Theory;2022ADVC},
  pages     = {10--21},
  publisher = {Association for Computational Linguistics},
  title     = {{Generating Sentences from a Continuous Space}},
  year      = 2016
}

@inproceedings{Brock2019-qs,
  author    = {Brock, Andrew and Donahue, Jeff and Simonyan, Karen},
  booktitle = {{Proceedings of the International Conference on Learning
               Representations (ICLR)}},
  title     = {{Large Scale GAN Training for High Fidelity Natural Image
               Synthesis}},
  year      = 2019
}

@inproceedings{Brown2020-gx,
  author    = {Brown, Tom and Mann, Benjamin and Ryder, Nick and Subbiah,
               Melanie and Kaplan, Jared D and Dhariwal, Prafulla and
               Neelakantan, Arvind and Shyam, Pranav and Sastry, Girish and
               Askell, Amanda and Agarwal, Sandhini and Herbert-Voss, Ariel and
               Krueger, Gretchen and Henighan, Tom and Child, Rewon and Ramesh,
               Aditya and Ziegler, Daniel and Wu, Jeffrey and Winter, Clemens
               and Hesse, Chris and Chen, Mark and Sigler, Eric and Litwin,
               Mateusz and Gray, Scott and Chess, Benjamin and Clark, Jack and
               Berner, Christopher and McCandlish, Sam and Radford, Alec and
               Sutskever, Ilya and Amodei, Dario},
  booktitle = {{Advances in Neural Information Processing Systems}},
  editor    = {Larochelle, H and Ranzato, M and Hadsell, R and Balcan, M F and
               Lin, H},
  pages     = {1877--1901},
  publisher = {Curran Associates, Inc.},
  title     = {{Language Models are Few-Shot Learners}},
  volume    = 33,
  year      = 2020
}

@inproceedings{Buch2017-gv,
  author     = {Buch, Shyamal and Escorcia, Victor and Shen, Chuanqi and
                Ghanem, Bernard and Niebles, Juan Carlos},
  booktitle  = {{2017 IEEE Conference on Computer Vision and Pattern
                Recognition (CVPR)}},
  conference = {2017 IEEE Conference on Computer Vision and Pattern
                Recognition (CVPR)},
  location   = {Honolulu, HI},
  month      = jul,
  pages      = {2911--2920},
  publisher  = {IEEE},
  title      = {{SST: Single-Stream Temporal Action Proposals}},
  year       = 2017
}

@inproceedings{buch2017sst,
  author    = {Buch, Shyamal and Escorcia, Victor and Shen, Chuang and Ghanem, Bernard and Niebles, Juan Carlos},
  booktitle = {Proceedings of the IEEE Conference on Computer Vision and Pattern Recognition},
  pages     = {2911--2920},
  title     = {{SST}: Single-Stream Temporal Action Proposals},
  year      = {2017}
}

@inproceedings{caba2015activitynet,
  author    = {Caba Heilbron, Fabian and Escorcia, Victor and Ghanem, Bernard and Niebles, Juan Carlos},
  booktitle = {Proceedings of the IEEE Conference on Computer Vision and Pattern Recognition},
  pages     = {961--970},
  title     = {{ActivityNet}: A Large-Scale Video Benchmark for Human Activity Understanding},
  year      = {2015}
}

@inproceedings{carion2020end,
  author    = {Carion, Nicolas and Massa, Francisco and Synnaeve, Gabriel and Usunier, Nicolas and Kirillov, Alexander and Zagoruyko, Sergey},
  booktitle = {Proceedings of the European Conference on Computer Vision},
  pages     = {213--229},
  title     = {End-to-End Object Detection with Transformers},
  year      = {2020}
}

@inproceedings{Carreira2017-fg,
  author     = {Carreira, Joao and Zisserman, Andrew},
  booktitle  = {{2017 IEEE Conference on Computer Vision and Pattern
                Recognition (CVPR)}},
  conference = {2017 IEEE Conference on Computer Vision and Pattern
                Recognition (CVPR)},
  location   = {Honolulu, HI},
  month      = jul,
  publisher  = {IEEE},
  title      = {{Quo Vadis, Action Recognition? A New Model and the
                Kinetics Dataset}},
  year       = 2017
}

@article{Carreira2019-va,
  archiveprefix = {arXiv},
  author        = {Carreira, Joao and Noland, Eric and Hillier, Chloe and
                   Zisserman, Andrew},
  eprint        = {1907.06987},
  month         = jul,
  primaryclass  = {cs.CV},
  title         = {{A Short Note on the Kinetics-700 Human Action Dataset}},
  year          = 2019
}

@article{Chan2024-jd,
  author    = {Chan, Ka-Hou and Im, Sio-Kei},
  journal   = {Technologies (Basel)},
  language  = {en},
  month     = aug,
  number    = 8,
  pages     = 126,
  publisher = {MDPI AG},
  title     = {{GAT-based bi-CARU with Adaptive Feature-based Transformation for
               Video Summarisation}},
  volume    = 12,
  year      = 2024
}

@inproceedings{Chen2011-ai,
  address   = {Portland, Oregon, USA},
  author    = {Chen, David and Dolan, William},
  booktitle = {{Proceedings of the Annual Meeting of the Association for
               Computational Linguistics: Human Language Technologies (ACL-HLT)}},
  month     = jun,
  pages     = {190--200},
  publisher = {Association for Computational Linguistics},
  title     = {{Collecting Highly Parallel Data for Paraphrase Evaluation}},
  year      = 2011
}

@inproceedings{Chen2019-po,
  author    = {Chen, Shaoxiang and Jiang, Yu-Gang},
  booktitle = {{Proceedings of the AAAI Conference on Artificial Intelligence}},
  language  = {en},
  month     = jul,
  pages     = {8191--8198},
  title     = {{Motion Guided Spatial Attention for Video Captioning}},
  volume    = 33,
  year      = 2019
}

@article{Chen2020-di,
  author   = {Chen, Haoran and Lin, Ke and Maye, Alexander and Li, Jianmin and
              Hu, Xiaolin},
  journal  = {Front Robot AI},
  language = {en},
  month    = sep,
  pages    = {475767},
  title    = {{A Semantics-Assisted Video Captioning Model Trained With
              Scheduled Sampling}},
  volume   = 7,
  year     = 2020
}

@article{Chen2020-fu,
  archiveprefix = {arXiv},
  author        = {Chen, Zhenfang and Ma, Lin and Luo, Wenhan and Tang, Peng
                   and Wong, Kwan-Yee K},
  eprint        = {2001.09308},
  month         = jan,
  primaryclass  = {cs.CV},
  title         = {{Look Closer to Ground Better: Weakly-Supervised Temporal
                   Grounding of Sentence in Video}},
  year          = 2020
}

@inproceedings{Chen2020-iy,
  author    = {Chen, Haoran and Li, Jianmin and Hu, Xiaolin},
  booktitle = {{Proceddings of the European Conference on Artificial
               Intelligence (ECAI)}},
  copyright = {http://arxiv.org/licenses/nonexclusive-distrib/1.0/},
  month     = jan,
  title     = {{Delving deeper into the decoder for video captioning}},
  year      = 2020
}

@inproceedings{Chen2021-sv,
  author    = {Chen, Shaoxiang and Jiang, Yu-Gang},
  booktitle = {{Proceedings of the IEEE/CVF Conference on Computer Vision and
               Pattern Recognition}},
  keywords  = {Application;DVC;NLP;Vision;2021DVC;2022ADVC},
  pages     = {8425--8435},
  title     = {{Towards Bridging Event Captioner and Sentence Localizer for
               Weakly Supervised Dense Event Captioning}},
  year      = 2021
}

@inproceedings{chen2021towards,
  author    = {Chen, Sheng and Jiang, Yuning},
  booktitle = {Proceedings of the IEEE/CVF Conference on Computer Vision and Pattern Recognition},
  pages     = {8425--8435},
  title     = {Towards Bridging Event Captioner and Sentence Localizer for Weakly Supervised Dense Event Captioning},
  year      = {2021}
}

@inproceedings{cho-etal-2014-learning,
  author    = {Cho, Kyunghyun and van Merrienboer, Bart and G{\"u}l{\c{c}}ehre, {\c{C}}aglar and Bahdanau, Dzmitry and Bougares, Fethi and Schwenk, Holger and Bengio, Yoshua},
  booktitle = {Proceedings of the 2014 Conference on Empirical Methods in Natural Language Processing},
  pages     = {1724--1734},
  title     = {Learning Phrase Representations Using {RNN} Encoder--Decoder for Statistical Machine Translation},
  year      = {2014}
}

@article{Choi2022-cu,
  author   = {Choi, Wangyu and Chen, Jiasi and Yoon, Jongwon},
  journal  = {IEEE Access},
  keywords = {Decoding;Proposals;Transformers;Video communication;Location
              awareness;Feature extraction;Logic gates;Machine learning;deep
              learning;video and language;video captioning;DVC;2022ADVC},
  pages    = {129899--129910},
  title    = {{Parallel Pathway Dense Video Captioning With Deformable
              Transformer}},
  volume   = 10,
  year     = 2022
}

@article{choi2022parallel,
  author  = {Choi, W. and Chen, J. and Yoon, J.},
  journal = {IEEE Access},
  pages   = {129899--129910},
  title   = {Parallel Pathway Dense Video Captioning with Deformable Transformer},
  volume  = {10},
  year    = {2022}
}

@article{Choi2023-so,
  author  = {Choi, Wangyu and Chen, Jiasi and Yoon, Jongwon},
  journal = {IEEE Access},
  pages   = {51949--51959},
  title   = {{Step by Step: A Gradual Approach for Dense Video Captioning}},
  volume  = 11,
  year    = 2023
}

@inproceedings{cornia2020meshed,
  author    = {Cornia, Marcella and Stefanini, Matteo and Baraldi, Lorenzo and Cucchiara, Rita},
  booktitle = {Proceedings of the IEEE/CVF Conference on Computer Vision and Pattern Recognition},
  pages     = {10578--10587},
  title     = {Meshed-Memory Transformer for Image Captioning},
  year      = {2020}
}

@article{De_Rosa2021-ic,
  author   = {de Rosa, Gustavo Henrique and Papa, Jo{\~a}o Paulo},
  journal  = {Pattern Recognit.},
  keywords = {Survey;GAN;NLP;2022ADVC},
  month    = nov,
  number   = {C},
  title    = {{A Survey on Text Generation using Generative Adversarial Networks}},
  volume   = 119,
  year     = 2021
}

@inproceedings{Deng2021-qd,
  author    = {Deng, Chaorui and Chen, Shizhe and Chen, Da and He, Yuan and Wu,
               Qi},
  booktitle = {{2021 IEEE/CVF Conference on Computer Vision and Pattern
               Recognition (CVPR)}},
  keywords  = {Training;Computer vision;Codes;Grounding;Computational
               modeling;Semantics;Benchmark
               testing;DVC;Application;NLP;Vision;2021DVC;2022ADVC},
  month     = jun,
  pages     = {234--243},
  title     = {{Sketch, Ground, and Refine: Top-Down Dense Video Captioning}},
  year      = 2021
}

@inproceedings{deng2021sketch,
  author    = {Deng, Cheng and Chen, Shaofeng and Chen, Dong and He, Yanan and Wu, Qi},
  booktitle = {Proceedings of the IEEE/CVF Conference on Computer Vision and Pattern Recognition},
  pages     = {234--243},
  title     = {Sketch, Ground, and Refine: Top-Down Dense Video Captioning},
  year      = {2021}
}

@inproceedings{Devlin2019-ld,
  address   = {Minneapolis, Minnesota},
  author    = {Devlin, Jacob and Chang, Ming-Wei and Lee, Kenton and Toutanova,
               Kristina},
  booktitle = {{Proceedings of the 2019 Conference of the North {A}merican
               Chapter of the Association for Computational Linguistics: Human
               Language Technologies, Volume 1 (Long and Short Papers)}},
  month     = jun,
  pages     = {4171--4186},
  publisher = {Association for Computational Linguistics},
  title     = {{{BERT}: Pre-training of Deep Bidirectional Transformers for
               Language Understanding}},
  year      = 2019
}

@article{Donahue2018-ez,
  archiveprefix = {arXiv},
  author        = {Donahue, David and Rumshisky, Anna},
  eprint        = {1810.06640},
  keywords      = {GAN;NLP;Theory;2022ADVC},
  month         = oct,
  primaryclass  = {cs.CL},
  title         = {{Adversarial Text Generation Without Reinforcement Learning}},
  year          = 2018
}

@inproceedings{Dosovitskiy2021-vn,
  author    = {Dosovitskiy, Alexey and Beyer, Lucas and Kolesnikov, Alexander
               and Weissenborn, Dirk and Zhai, Xiaohua and Unterthiner, Thomas
               and Dehghani, Mostafa and Minderer, Matthias and Heigold, Georg
               and Gelly, Sylvain and Uszkoreit, Jakob and Houlsby, Neil},
  booktitle = {{International Conference on Learning Representations}},
  title     = {{An Image is Worth 16x16 Words: Transformers for Image
               Recognition at Scale}},
  year      = 2021
}

@inproceedings{Duan2018-qf,
  address   = {Red Hook, NY, USA},
  author    = {Duan, Xuguang and Huang, Wenbing and Gan, Chuang and Wang,
               Jingdong and Zhu, Wenwu and Huang, Junzhou},
  booktitle = {{Proceedings of the 32nd International Conference on Neural
               Information Processing Systems}},
  keywords  = {Application;DVC;NLP;Vision;2021DVC;2022ADVC},
  pages     = {3063--3073},
  publisher = {Curran Associates Inc.},
  series    = {NIPS'18},
  title     = {{Weakly Supervised Dense Event Captioning in Videos}},
  volume    = 31,
  year      = 2018
}

@inproceedings{Feichtenhofer2019-mh,
  author     = {Feichtenhofer, Christoph and Fan, Haoqi and Malik,
                Jitendra and He, Kaiming},
  booktitle  = {{2019 IEEE/CVF International Conference on Computer Vision
                (ICCV)}},
  conference = {2019 IEEE/CVF International Conference on Computer Vision
                (ICCV)},
  location   = {Seoul, Korea (South)},
  month      = oct,
  pages      = {6202--6211},
  publisher  = {IEEE},
  title      = {{SlowFast Networks for Video Recognition}},
  year       = 2019
}

@misc{Fu2019-ur,
  author   = {Fu, Hao and Li, Chunyuan and Liu, Xiaodong and Gao, Jianfeng and
              Celikyilmaz, Asli and Carin, Lawrence},
  journal  = {Proceedings of the 2019 Conference of the North},
  keywords = {NLP;Theory;VAE;2022ADVC},
  title    = {{Cyclical Annealing Schedule: A Simple Approach to Mitigating}},
  year     = 2019
}

@inproceedings{Fujita2020-ob,
  address    = {Berlin, Heidelberg},
  author     = {Fujita, Soichiro and Hirao, Tsutomu and Kamigaito,
                Hidetaka and Okumura, Manabu and Nagata, Masaaki},
  booktitle  = {{Computer Vision -- ECCV 2020: 16th European Conference,
                Glasgow, UK, August 23--28, 2020, Proceedings, Part VI}},
  conference = {European Conference on Computer Vision},
  keywords   = {Automatic evaluation, Video story description, Dense Video
                Captioning},
  location   = {Glasgow, United Kingdom},
  pages      = {517--531},
  publisher  = {Springer-Verlag},
  title      = {{SODA: Story Oriented Dense Video Captioning Evaluation
                Framework}},
  year       = 2020
}

@inproceedings{fujita2020soda,
  author    = {Fujita, Shohei and Hirao, Tsutomu and Kamigaito, Haruka and Okumura, Manabu and Nagata, Masaaki},
  booktitle = {Proceedings of the European Conference on Computer Vision},
  pages     = {517--531},
  title     = {{SODA}: Story Oriented Dense Video Captioning Evaluation Framework},
  year      = {2020}
}

@inproceedings{gan2017semantic,
  author    = {Gan, Zhe and Gan, Chuang and He, Xiaodong and Pu, Yizhe and Tran, Kyunghyun and Gao, Jianfeng and Carin, Lawrence and Deng, Li},
  booktitle = {Proceedings of the IEEE Conference on Computer Vision and Pattern Recognition},
  pages     = {5630--5639},
  title     = {Semantic Compositional Networks for Visual Captioning},
  year      = {2017}
}

@inproceedings{Gao2017-ij,
  author    = {Gao, Jiyang and Sun, Chen and Yang, Zhenheng and Nevatia, Ram},
  booktitle = {{Proceedings of the IEEE International Conference on Computer
               Vision (ICCV)}},
  pages     = {5267--5275},
  title     = {{TALL: Temporal Activity Localization via Language Query}},
  year      = 2017
}

@article{Gao2017-zs,
  author    = {Gao, Lianli and Guo, Zhao and Zhang, Hanwang and Xu, Xing and
               Shen, Heng Tao},
  journal   = {IEEE Trans. Multimedia},
  month     = sep,
  number    = 9,
  pages     = {2045--2055},
  publisher = {ieeexplore.ieee.org},
  title     = {{Video Captioning With Attention-Based LSTM and Semantic
               Consistency}},
  volume    = 19,
  year      = 2017
}

@inproceedings{Gao2019-kd,
  address   = {Hong Kong, China},
  author    = {Gao, Mingfei and Davis, Larry and Socher, Richard and Xiong,
               Caiming},
  booktitle = {{Proceedings of the Conference on Empirical Methods in Natural
               Language Processing and the International Joint Conference on
               Natural Language Processing (EMNLP-IJCNLP)}},
  month     = nov,
  pages     = {1481--1487},
  publisher = {Association for Computational Linguistics},
  title     = {{{WSLLN}:Weakly Supervised Natural Language Localization Networks}},
  year      = 2019
}

@inproceedings{gella2018dataset,
  author    = {Gella, Spandana and others},
  booktitle = {Proceedings of EMNLP},
  title     = {A Dataset and Baselines for Multimodal Inference for Sentiment and Emotion},
  year      = {2018}
}

@inproceedings{Goodfellow2014-hs,
  author    = {Goodfellow, Ian and Pouget-Abadie, Jean and Mirza, Mehdi and Xu,
               Bing and Warde-Farley, David and Ozair, Sherjil and Courville,
               Aaron and Bengio, Yoshua},
  booktitle = {{Advances in Neural Information Processing Systems}},
  editor    = {Ghahramani, Z and Welling, M and Cortes, C and Lawrence, N and
               Weinberger, K Q},
  publisher = {Curran Associates, Inc.},
  title     = {{Generative Adversarial Nets}},
  volume    = 27,
  year      = 2014
}

@inproceedings{Gulrajani2017-dh,
  address   = {Red Hook, NY, USA},
  author    = {Gulrajani, I and Ahmed, F and Arjovsky, M and {others}},
  booktitle = {{Proceedings of the 31st International Conference on Neural
               Information Processing Systems}},
  keywords  = {GAN;Vision;Theory;2022ADVC},
  pages     = {5769--5779},
  publisher = {Curran Associates Inc.},
  series    = {NIPS'17},
  title     = {{Improved Training of Wasserstein GANs}},
  year      = 2017
}

@inproceedings{Gulrajani2017-zl,
  address   = {Red Hook, NY, USA},
  author    = {Gulrajani, Ishaan and Ahmed, Faruk and Arjovsky, Martin and
               Dumoulin, Vincent and Courville, Aaron},
  booktitle = {{Proceedings of the 31st International Conference on Neural
               Information Processing Systems}},
  location  = {Long Beach, California, USA},
  pages     = {5769--5779},
  publisher = {Curran Associates Inc.},
  series    = {NIPS'17},
  title     = {{Improved Training of Wasserstein GANs}},
  year      = 2017
}

@inproceedings{Guorong2022-ap,
  author    = {Guorong, Ye, Hanhua'li, and Qi, Yuankai and Wang, Shuhui and
               Huang, Qingming and Yang, Ming-Hsuan},
  booktitle = {{Proceedings of the IEEE/CVF Conference on Computer Vision and
               Pattern Recognition (CVPR)}},
  keywords  = {Video Captioning;2022ADVC},
  month     = jun,
  pages     = {17939--17948},
  title     = {{Hierarchical Modular Network for Video Captioning}},
  year      = 2022
}

@inproceedings{he2015delving,
  author    = {He, K. and Zhang, X. and Ren, S. and Sun, J.},
  booktitle = {Proceedings of the IEEE International Conference on Computer Vision},
  pages     = {1026--1034},
  title     = {Delving Deep into Rectifiers: Surpassing Human-Level Performance on ImageNet Classification},
  year      = {2015}
}

@inproceedings{He2016-qc,
  author    = {He, Kaiming and Zhang, Xiangyu and Ren, Shaoqing and Sun, Jian},
  booktitle = {{2016 IEEE Conference on Computer Vision and Pattern Recognition
               (CVPR)}},
  keywords  = {Vision;2022ADVC},
  pages     = {770--778},
  title     = {{Deep Residual Learning for Image Recognition}},
  year      = 2016
}

@inproceedings{Heilbron2015-ha,
  author     = {Heilbron, Fabian Caba and Escorcia, Victor and Ghanem,
                Bernard and Niebles, Juan Carlos},
  booktitle  = {{2015 IEEE Conference on Computer Vision and Pattern
                Recognition (CVPR)}},
  conference = {2015 IEEE Conference on Computer Vision and Pattern
                Recognition (CVPR)},
  location   = {Boston, MA, USA},
  month      = jun,
  pages      = {961--970},
  publisher  = {IEEE},
  title      = {{ActivityNet: A Large-Scale Video Benchmark for Human
                Activity}},
  year       = 2015
}

@misc{hendrycks2016gaussian,
  archiveprefix = {arXiv},
  author        = {Hendrycks, D. and Gimpel, K.},
  eprint        = {1606.08415},
  primaryclass  = {cs.LG},
  title         = {Gaussian Error Linear Units (GELUs)},
  year          = {2016}
}

% The entry below contains non-ASCII chars that could not be converted
% to a LaTeX equivalent.

@inproceedings{Hershey2017-et,
  author    = {Hershey, Shawn and Chaudhuri, Sourish and Ellis, Daniel P W and
               Gemmeke, Jort F and Jansen, Aren and Moore, R Channing and
               Plakal, Manoj and Platt, Devin and Saurous, Rif A and Seybold,
               Bryan and Slaney, Malcolm and Weiss, Ron J and Wilson, Kevin},
  booktitle = {{2017 IEEE International Conference on Acoustics, Speech and
               Signal Processing (ICASSP)}},
  keywords  = {Videos;Training;Hidden Markov models;Neural networks;Computer
               architecture;Servers;Spectrogram;Acoustic Event
               Detection;Acoustic Scene Classification;Convolutional Neural
               Networks;Deep Neural Networks;Video Classification},
  month     = mar,
  pages     = {131--135},
  title     = {{CNN Architectures for Large-Scale Audio Classification}},
  year      = 2017
}

@inproceedings{Higgins2017-qx,
  author    = {Higgins, Irina and Matthey, Loic and Pal, Arka and Burgess,
               Christopher and Glorot, Xavier and Botvinick, Matthew and
               Mohamed, Shakir and Lerchner, Alexander},
  booktitle = {{International Conference on Learning Representations}},
  keywords  = {Vision;VAE;Theory;2022ADVC},
  title     = {{beta-VAE: Learning Basic Visual Concepts with a Constrained
               Variational Framework}},
  year      = 2017
}

@inproceedings{Hill2016-sk,
  address   = {San Diego, California},
  author    = {Hill, Felix and Cho, Kyunghyun and Korhonen, Anna},
  booktitle = {{Proceedings of the 2016 Conference of the North {A}merican
               Chapter of the Association for Computational Linguistics: Human
               Language Technologies}},
  month     = jun,
  pages     = {1367--1377},
  publisher = {Association for Computational Linguistics},
  title     = {{Learning Distributed Representations of Sentences from
               Unlabelled Data}},
  year      = 2016
}

@inproceedings{hosang2017learning,
  author    = {Hosang, J. and Benenson, R. and Schiele, B.},
  booktitle = {Proceedings of the IEEE Conference on Computer Vision and Pattern Recognition},
  pages     = {4507--4515},
  title     = {Learning Non-Maximum Suppression},
  year      = {2017}
}

@inproceedings{Hou2019-ox,
  author    = {Hou, Jingyi and Wu, Xinxiao and Zhao, Wentian and Luo, Jiebo and
               Jia, Yunde},
  booktitle = {{Proceedings of the IEEE/CVF International Conference on Computer
               Vision (ICCV)}},
  month     = oct,
  pages     = {8917--8926},
  title     = {{Joint Syntax Representation Learning and Visual Cue Translation
               for Video Captioning}},
  year      = 2019
}

@inproceedings{Huang2020-as,
  address   = {Suzhou, China},
  author    = {Huang, Gabriel and Pang, Bo and Zhu, Zhenhai and Rivera, Clara
               and Soricut, Radu},
  booktitle = {{Proceedings of the 1st Conference of the Asia-Pacific Chapter of
               the Association for Computational Linguistics and the 10th
               International Joint Conference on Natural Language Processing}},
  month     = nov,
  pages     = {470--490},
  publisher = {Association for Computational Linguistics},
  series    = {AACL'20},
  title     = {{Multimodal Pretraining for Dense Video Captioning}},
  year      = 2020
}

@inproceedings{Iashin2020-is,
  author    = {Iashin, Vladimir and Rahtu, Esa},
  booktitle = {{Proceedings of the IEEE/CVF Conference on Computer Vision and
               Pattern Recognition Workshops}},
  pages     = {958--959},
  title     = {{Multi-modal Dense Video Captioning}},
  year      = 2020
}

@inproceedings{Iashin2020-ln,
  author    = {Iashin, Vladimir and Rahtu, Esa},
  booktitle = {{British Machine Vision Conference (BMVC)}},
  keywords  = {Application;DVC;NLP;Vision;2022ADVC;2021DVC},
  month     = may,
  title     = {{A Better Use of Audio-Visual Cues: Dense Video Captioning with
               Bi-modal Transformer}},
  year      = 2020
}

@inproceedings{iashin2020better,
  author    = {Iashin, Vladimir and Rahtu, Esa},
  booktitle = {Proceedings of the 31st British Machine Vision Conference},
  title     = {A Better Use of Audio-Visual Cues: Dense Video Captioning with Bi-modal Transformer},
  year      = {2020}
}

@article{Im2023-multimodal,
  author  = {SeongChan Im and HyeongSeok Chan},
  doi     = {10.3390/technologies12080126},
  journal = {Technologies},
  number  = {8},
  pages   = {155},
  title   = {Multi-Modal Graph-Based Event Detection for Long Untrimmed Videos},
  volume  = {12},
  year    = {2023}
}

@article{Im2024-ah,
  author    = {Im, Sio‐kei and Chan, Ka‐hou},
  journal   = {IET Image Processing},
  language  = {en},
  month     = jul,
  number    = 9,
  pages     = {2304--2317},
  publisher = {John Wiley \& Sons, Ltd},
  title     = {{Local Feature‐based Video Captioning with Multiple Classifier
               and {CARU‐attention}}},
  volume    = 18,
  year      = 2024
}

@inproceedings{Jang2017-ur,
  author    = {Jang, Eric and Gu, Shixiang and Poole, Ben},
  booktitle = {{5th International Conference on Learning Representations}},
  keywords  = {Theory;2022ADVC},
  title     = {{Categorical Reparameterization with Gumbel-Softmax}},
  year      = 2017
}

@inproceedings{Kandpal2023-ud,
  author    = {Kandpal, Nikhil and Deng, Haikang and Roberts, Adam and Wallace,
               Eric and Raffel, Colin},
  booktitle = {{Proceedings of the 40 th International Conference on Machine
               Learning}},
  keywords  = {2022ADVC},
  title     = {{Large Language Models Struggle to Learn Long-Tail Knowledge}},
  year      = 2023
}

@inproceedings{Karpathy2014-xm,
  author    = {Karpathy, Andrej and Toderici, George and Shetty, Sanketh and
               Leung, Thomas and Sukthankar, Rahul and Fei-Fei, Li},
  booktitle = {{2014 IEEE Conference on Computer Vision and Pattern Recognition}},
  keywords  = {Streaming media;Training;Computer architecture;Spatial
               resolution;Computational modeling;Feature
               extraction;convolutional;neural;network;video;classification;action;recognition;large-scale;dataset;sports},
  month     = jun,
  pages     = {1725--1732},
  title     = {{Large-Scale Video Classification with Convolutional Neural
               Networks}},
  year      = 2014
}

@inproceedings{karpathy2014large,
  author    = {Karpathy, Andrej and Toderici, George and Shetty, Sanketh and Leung, Thomas and Sukthankar, Rahul and Fei{-}Fei, Li},
  booktitle = {Proceedings of the IEEE Conference on Computer Vision and Pattern Recognition},
  pages     = {1725--1732},
  title     = {Large-scale Video Classification with Convolutional Neural Networks},
  year      = {2014}
}

@inproceedings{Karras2020-fj,
  author    = {Karras, Tero and Laine, Samuli and Aittala, Miika and Nvidia,
               Janne Hellsten},
  booktitle = {{Proceedings of the IEEE/CVF Conference on Computer Vision and
               Pattern Recognition (CVPR)}},
  pages     = {8110--8119},
  title     = {{Analyzing and Improving the Image Quality of StyleGAN}},
  year      = 2020
}

@misc{kay2017kinetics,
  author       = {Kay, Will and Carreira, Jo{\~a}o and Simonyan, Karen and Zhang, Brian and Hillier, Chloe and Vijayanarasimhan, Sudheendra and Viola, Fabio and Green, Tim and Back, Trevor and Natsev, Pavel and Suleyman, Mustafa and Zisserman, Andrew},
  howpublished = {arXiv:1705.06950},
  title        = {The Kinetics Human Action Video Dataset},
  year         = {2017}
}

@article{Koupaee2018-et,
  archiveprefix = {arXiv},
  author        = {Koupaee, Mahnaz and Wang, William Yang},
  eprint        = {1810.09305},
  month         = oct,
  primaryclass  = {cs.CL},
  title         = {{WikiHow: A Large Scale Text Summarization Dataset}},
  year          = 2018
}

@inproceedings{Krishna2017-pw,
  author    = {Krishna, Ranjay and Hata, Kenji and Ren, Frederic and Fei-Fei,
               Li and Niebles, Juan Carlos},
  booktitle = {{2017 IEEE International Conference on Computer Vision (ICCV)}},
  keywords  = {DVC;NLP;Vision;2021DVC;2022ADVC;2022MetaABR},
  pages     = {706--715},
  title     = {{Dense-Captioning Events in Videos}},
  year      = 2017
}

@inproceedings{krishna2017dense,
  author    = {Krishna, Ranjay and Hata, Kenji and Ren, Frederic and Fei-Fei, Li and Niebles, Juan Carlos},
  booktitle = {Proceedings of the IEEE International Conference on Computer Vision},
  pages     = {706--715},
  title     = {Dense-Captioning Events in Videos},
  year      = {2017}
}

@inproceedings{Le_Fang_Chunyuan_Li_Jianfeng_Gao_Wen_Dong_Changyou_Chen_undated-ou,
  author      = {{Le Fang† , Chunyuan Li§ , Jianfeng Gao§ , Wen Dong† ,
                 Changyou Chen†}},
  booktitle   = {{Proceedings of the 2019 Conference on Empirical Methods in
                 Natural Language Processing and the 9th International Joint
                 Conference on Natural Language Processing}},
  institution = {Github},
  keywords    = {NLP;Theory;VAE;2022ADVC},
  language    = {en},
  title       = {{Implicit Deep Latent Variable Models for Text Generation}}
}

@inproceedings{Le2022-lz,
  address   = {Abu Dhabi, UAE},
  author    = {Le, Hieu and Le, Dieu-Thu and Weber, Verena and Church, Chris
               and Rottmann, Kay and Bradford, Melanie},
  booktitle = {{Proceedings of the 2022 Conference on Empirical Methods in
               Natural Language Processing: Industry Track}},
  keywords  = {GAN;NLP;2022ADVC},
  pages     = {254--262},
  publisher = {Association for Computational Linguistics},
  title     = {{Semi-supervised Adversarial Text Generation based on Seq2Seq
               models}},
  year      = 2022
}

@inproceedings{Lei2020-rr,
  address   = {Cham},
  author    = {Lei, Jie and Yu, Licheng and Berg, Tamara L and Bansal, Mohit},
  booktitle = {{Proceedings of the European Conference on Computer Vision (ECCV)}},
  editor    = {Vedaldi, Andrea and Bischof, Horst and Brox, Thomas and Frahm,
               Jan-Michael},
  pages     = {447--463},
  publisher = {Springer International Publishing},
  title     = {{TVR: A Large-Scale Dataset for Video-Subtitle Moment Retrieval}},
  year      = 2020
}

@inproceedings{Lei2020-tg,
  address   = {Online},
  author    = {Lei, Jie and Wang, Liwei and Shen, Yelong and Yu, Dong and Berg,
               Tamara and Bansal, Mohit},
  booktitle = {{Proceedings of the Annual Meeting of the Association for
               Computational Linguistics}},
  pages     = {2603--2614},
  publisher = {Association for Computational Linguistics},
  title     = {{{MART}: Memory-Augmented Recurrent Transformer for Coherent
               Video Paragraph Captioning}},
  year      = 2020
}

@inproceedings{lei2020mart,
  author    = {Lei, Jie and Wang, Licheng and Shen, Yelong and Yu, Dong and Berg, Tamara and Bansal, Mohit},
  booktitle = {Proceedings of the 58th Annual Meeting of the Association for Computational Linguistics},
  pages     = {2603--2614},
  title     = {{MART}: Memory-Augmented Recurrent Transformer for Coherent Video Paragraph Captioning},
  year      = {2020}
}

@inproceedings{Lei2021-mt,
  author     = {Lei, Jie and Li, Linjie and Zhou, Luowei and Gan, Zhe and
                Berg, Tamara L and Bansal, Mohit and Liu, Jingjing},
  booktitle  = {{Proceedings of the IEEE/CVF Conference on Computer Vision
                and Pattern Recognition (CVPR)}},
  conference = {2021 IEEE/CVF Conference on Computer Vision and Pattern
                Recognition (CVPR)},
  location   = {Nashville, TN, USA},
  pages      = {7331--7341},
  publisher  = {IEEE},
  title      = {{Less is More: ClipBERT for Video-and-Language Learning via
                Sparse Sampling}},
  year       = 2021
}

@inproceedings{Li2017-ga,
  author    = {Li, Jianan and Liang, Xiaodan and Wei, Yunchao and Xu, Tingfa
               and Feng, Jiashi and Yan, Shuicheng},
  booktitle = {{Proceedings of the IEEE Conference on Computer Vision and
               Pattern Recognition (CVPR)}},
  keywords  = {2022ADVC},
  pages     = {1222--1230},
  title     = {{Perceptual Generative Adversarial Networks for Small Object
               Detection}},
  year      = 2017
}

@inproceedings{Li2018-ll,
  author     = {Li, Yehao and Yao, Ting and Pan, Yingwei and Chao,
                Hongyang and Mei, Tao},
  booktitle  = {{2018 IEEE/CVF Conference on Computer Vision and Pattern
                Recognition}},
  conference = {2018 IEEE/CVF Conference on Computer Vision and Pattern
                Recognition (CVPR)},
  keywords   = {DVC;NLP;Vision;2021DVC;2022ADVC},
  location   = {Salt Lake City, UT},
  month      = jun,
  pages      = {7492--7500},
  publisher  = {IEEE},
  title      = {{Jointly Localizing and Describing Events for Dense Video
                Captioning}},
  year       = 2018
}

@inproceedings{li2018jointly,
  author    = {Li, Yingwei and Yao, Ting and Pan, Yingwei and Chao, Hongyang and Mei, Tao},
  booktitle = {Proceedings of the IEEE Conference on Computer Vision and Pattern Recognition},
  pages     = {7492--7500},
  title     = {Jointly Localizing and Describing Events for Dense Video Captioning},
  year      = {2018}
}

@article{Li2021-uh,
  archiveprefix = {arXiv},
  author        = {Li, Ruizhe and Peng, Xutan and Lin, Chenghua},
  eprint        = {2110.03318},
  keywords      = {NLP;VAE;Theory;2022ADVC},
  month         = oct,
  primaryclass  = {cs.LG},
  title         = {{On the Latent Holes of VAEs for Text Generation}},
  year          = 2021
}

@article{Li2022-uh,
  author  = {Li, Shanhao and Yang, Bang and Zou, Yuexian},
  journal = {IEEE Access},
  pages   = {31751--31759},
  title   = {{Adaptive Curriculum Learning for Video Captioning}},
  volume  = 10,
  year    = 2022
}

@article{li2022adaptive,
  author  = {Li, Shi and Yang, Bin and Zou, Yalong},
  journal = {IEEE Access},
  pages   = {31751--31759},
  title   = {Adaptive Curriculum Learning for Video Captioning},
  volume  = {10},
  year    = {2022}
}

@inproceedings{li2022comprehending,
  author    = {Li, Yehao and Pan, Yingwei and Yao, Ting and Mei, Tao},
  booktitle = {Proceedings of the IEEE/CVF Conference on Computer Vision and Pattern Recognition},
  pages     = {17990--17999},
  title     = {Comprehending and Ordering Semantics for Image Captioning},
  year      = {2022}
}

@article{Li2023-hvgr,
  author  = {Ying Li and Tao Zhang and Qi Zhu and Lei Chen},
  doi     = {10.1049/ipr2.13096},
  journal = {IET Image Processing},
  number  = {12},
  pages   = {1717--1729},
  title   = {HVGR: Hierarchical Video Graph Reasoning for Untrimmed Video Event Detection},
  volume  = {17},
  year    = {2023}
}

@inproceedings{lin2017focal,
  author    = {Lin, T. and Goyal, P. and Girshick, R. and He, K. and Doll{\'a}r, P.},
  booktitle = {Proceedings of the IEEE International Conference on Computer Vision},
  pages     = {2980--2988},
  title     = {Focal Loss for Dense Object Detection},
  year      = {2017}
}

@inproceedings{lin2018bsn,
  author    = {Lin, Tianwei and Zhao, Xu and Su, Hao and Wang, Chong and Yang, Ming},
  booktitle = {Proceedings of the European Conference on Computer Vision},
  pages     = {3--19},
  title     = {{BSN}: Boundary Sensitive Network for Temporal Action Proposal Generation},
  year      = {2018}
}

@inproceedings{lin2019bmn,
  author    = {Lin, T. and Liu, X. and Li, X. and Ding, E. and Wen, S.},
  booktitle = {Proceedings of the IEEE/CVF International Conference on Computer Vision},
  pages     = {3889--3898},
  title     = {BMN: Boundary-Matching Network for Temporal Action Proposal Generation},
  year      = {2019}
}

@inproceedings{Lin2020-og,
  author    = {Lin, Zhijie and Zhao, Zhou and Zhang, Zhu and Wang, Qi and Liu,
               Huasheng},
  booktitle = {{Proceedings of the AAAI Conference on Artificial Intelligence}},
  month     = apr,
  pages     = {11539--11546},
  publisher = {Association for the Advancement of Artificial Intelligence
               (AAAI)},
  title     = {{Weakly-supervised video moment retrieval via semantic completion
               network}},
  volume    = 34,
  year      = 2020
}

@inproceedings{Lin2022-wi,
  author    = {Lin, Kevin and Li, Linjie and Lin, Chung-Ching and Ahmed, Faisal
               and Gan, Zhe and Liu, Zicheng and Lu, Yumao and Microsoft,
               Lijuan Wang},
  booktitle = {{Proceedings of the IEEE/CVF Conference on Computer Vision and
               Pattern Recognition (CVPR)}},
  keywords  = {Video Captioning;2022ADVC},
  month     = jun,
  pages     = {17949--17958},
  title     = {{SwinBERT: End-to-End Transformers with Sparse Attention for
               Video Captioning}},
  year      = 2022
}

@article{Liu2018-pg,
  author  = {Liu, An-An and Qiu, Yurui and Wong, Yongkang and Su, Yu-Ting and
             Kankanhalli, Mohan},
  journal = {IEEE Access},
  pages   = {68463--68471},
  title   = {{A Fine-Grained Spatial-Temporal Attention Model for Video
             Captioning}},
  volume  = 6,
  year    = 2018
}

@article{liu2018fine,
  author  = {Liu, Anran and Qiu, Ying and Wong, Yongkai and Su, Yu and Kankanhalli, Mohan},
  journal = {IEEE Access},
  pages   = {68463--68471},
  title   = {A Fine-Grained Spatial-Temporal Attention Model for Video Captioning},
  volume  = {6},
  year    = {2018}
}

@inproceedings{long2019gaussian,
  author    = {Long, F. and Yao, T. and Qiu, Z. and Tian, X. and Luo, J. and Mei, T.},
  booktitle = {Proceedings of the IEEE/CVF Conference on Computer Vision and Pattern Recognition},
  pages     = {344--353},
  title     = {Gaussian Temporal Awareness Networks for Action Localization},
  year      = {2019}
}

% ---

@inproceedings{Loshchilov2017-sm,
  author    = {Loshchilov, Ilya and Hutter, Frank},
  booktitle = {{5th International Conference on Learning Representations}},
  month     = nov,
  title     = {{Decoupled Weight Decay Regularization}},
  year      = 2017
}

@misc{loshchilov2017decoupled,
  author       = {Loshchilov, Ilya and Hutter, Frank},
  howpublished = {arXiv:1711.05101},
  title        = {Decoupled Weight Decay Regularization},
  year         = {2017}
}

@article{Luo2022-yq,
  author   = {Luo, Huaishao and Ji, Lei and Zhong, Ming and Chen, Yang and Lei,
              Wen and Duan, Nan and Li, Tianrui},
  journal  = {Neurocomputing},
  keywords = {Video retrieval; Video captioning; CLIP},
  month    = oct,
  pages    = {293--304},
  title    = {{CLIP4Clip: An empirical study of CLIP for end to end video clip
              retrieval and captioning}},
  volume   = 508,
  year     = 2022
}

@inproceedings{Maddison2017-se,
  author    = {Maddison, Chris J and Mnih, Andriy and Teh, Yee Whye},
  booktitle = {{5th International Conference on Learning Representations}},
  keywords  = {Theory;Reparameterization;2022ADVC},
  title     = {{The Concrete Distribution: A Continuous Relaxation of Discrete
               Random Variables}},
  year      = 2017
}

@inproceedings{Miech2019-hk,
  author    = {Miech, Antoine and Zhukov, Dimitri and Alayrac, Jean-Baptiste
               and Tapaswi, Makarand and Laptev, Ivan and Sivic, Josef},
  booktitle = {{Proceedings of the IEEE/CVF International Conference on Computer
               Vision}},
  pages     = {2630--2640},
  title     = {{HowTo100M: Learning a Text-Video Embedding by Watching Hundred
               Million Narrated Video Clips}},
  year      = 2019
}

@inproceedings{miech2019howto100m,
  author    = {Miech, Antoine and Zhukov, Dimitri and Alayrac, Jean-Baptiste and Tapaswi, Makarand and Laptev, Ivan and Sivic, Josef},
  booktitle = {Proceedings of the IEEE International Conference on Computer Vision (ICCV)},
  pages     = {2630--2640},
  title     = {Howto100m: Learning a text-video embedding by watching hundred million narrated video clips},
  year      = {2019}
}

@inproceedings{Mun2019-ap,
  author     = {Mun, Jonghwan and Yang, Linjie and Ren, Zhou and Xu, Ning
                and Han, Bohyung},
  booktitle  = {{2019 IEEE/CVF Conference on Computer Vision and Pattern
                Recognition (CVPR)}},
  conference = {2019 IEEE/CVF Conference on Computer Vision and Pattern
                Recognition (CVPR)},
  keywords   = {Application;DVC;NLP;Vision;2021DVC;2022ADVC},
  location   = {Long Beach, CA, USA},
  month      = jun,
  pages      = {6588--6597},
  publisher  = {IEEE},
  title      = {{Streamlined Dense Video Captioning}},
  year       = 2019
}

@inproceedings{mun2019streamlined,
  author    = {Mun, Jonghwan and Yang, Linchao and Ren, Zhongzheng and Xu, Ning and Han, Bohyung},
  booktitle = {Proceedings of the IEEE/CVF Conference on Computer Vision and Pattern Recognition},
  pages     = {6588--6597},
  title     = {Streamlined Dense Video Captioning},
  year      = {2019}
}

@inproceedings{Pan2016-ky,
  author    = {Pan, Pingbo and Xu, Zhongwen and Yang, Yi and Wu, Fei and
               Zhuang, Yueting},
  booktitle = {{Proceedings of the IEEE Conference on Computer Vision and
               Pattern Recognition (CVPR)}},
  pages     = {1029--1038},
  title     = {{Hierarchical Recurrent Neural Encoder for Video Representation
               with Application to Captioning}},
  year      = 2016
}

@inproceedings{Pan2016-mu,
  author    = {Pan, Yingwei and Mei, Tao and Yao, Ting and Li, Houqiang and
               Rui, Yong},
  booktitle = {{Proceedings of the IEEE Conference on Computer Vision and
               Pattern Recognition (CVPR)}},
  pages     = {4594--4602},
  title     = {{Jointly Modeling Embedding and Translation to Bridge Video and
               Language}},
  year      = 2016
}

@inproceedings{pan2016hierarchical,
  author    = {Pan, Pingbo and Xu, Zhenguo and Yang, Yi and Wu, Fei and Zhuang, Yueting},
  booktitle = {Proceedings of the IEEE Conference on Computer Vision and Pattern Recognition},
  pages     = {1029--1038},
  title     = {Hierarchical Recurrent Neural Encoder for Video Representation with Application to Captioning},
  year      = {2016}
}

@inproceedings{pan2016jointly,
  author    = {Pan, Yingwei and Mei, Tao and Yao, Ting and Li, Houqiang and Rui, Yong},
  booktitle = {Proceedings of the IEEE Conference on Computer Vision and Pattern Recognition},
  pages     = {4594--4602},
  title     = {Jointly Modeling Embedding and Translation to Bridge Video and Language},
  year      = {2016}
}

@inproceedings{Pan2017-lu,
  author    = {Pan, Yingwei and Yao, Ting and Li, Houqiang and Mei, Tao},
  booktitle = {{Proceedings of the IEEE Conference on Computer Vision and
               Pattern Recognition (CVPR)}},
  pages     = {6504--6512},
  title     = {{Video Captioning with Transferred Semantic Attributes}},
  year      = 2017
}

@inproceedings{pan2017video,
  author    = {Pan, Yingwei and Yao, Ting and Li, Houqiang and Mei, Tao},
  booktitle = {Proceedings of the IEEE Conference on Computer Vision and Pattern Recognition},
  pages     = {6504--6512},
  title     = {Video Captioning with Transferred Semantic Attributes},
  year      = {2017}
}

@inproceedings{pan2020linear,
  author    = {Pan, Yingwei and Yao, Ting and Li, Yehao and Mei, Tao},
  booktitle = {Proceedings of the IEEE/CVF Conference on Computer Vision and Pattern Recognition},
  pages     = {10971--10980},
  title     = {X-Linear Attention Networks for Image Captioning},
  year      = {2020}
}

@inproceedings{Papineni2002-sn,
  address   = {Philadelphia, Pennsylvania, USA},
  author    = {Papineni, Kishore and Roukos, Salim and Ward, Todd and Zhu,
               Wei-Jing},
  booktitle = {{Proceedings of the 40th Annual Meeting of the Association for
               Computational Linguistics}},
  pages     = {311--318},
  publisher = {Association for Computational Linguistics},
  title     = {{BLEU: a Method for Automatic Evaluation of Machine Translation}},
  year      = 2002
}

@inproceedings{papineni2002bleu,
  author    = {Papineni, Kishore and Roukos, Salim and Ward, Todd and Zhu, Wei-Jing},
  booktitle = {Proceedings of the 40th Annual Meeting of the Association for Computational Linguistics},
  pages     = {311--318},
  title     = {{BLEU}: a Method for Automatic Evaluation of Machine Translation},
  year      = {2002}
}

@article{Prakash2021-oy,
  author   = {Prakash, Charan D and Karam, Lina J},
  journal  = {IEEE Trans. Image Process.},
  language = {en},
  month    = nov,
  pages    = {9220--9230},
  title    = {{It GAN Do Better: GAN-Based Detection of Objects on Images With
              Varying Quality}},
  volume   = 30,
  year     = 2021
}

@article{Qasim2025-mp,
  author    = {Qasim, Iqra and Horsch, Alexander and Prasad, Dilip},
  journal   = {ACM Comput. Surv.},
  language  = {en},
  month     = jun,
  number    = 6,
  pages     = {1--36},
  publisher = {Association for Computing Machinery (ACM)},
  title     = {{Dense Video Captioning: A Survey of Techniques, Datasets and
               Evaluation Protocols}},
  volume    = 57,
  year      = 2025
}

@inproceedings{Qian2021-mm,
  author     = {Qian, Rui and Meng, Tianjian and Gong, Boqing and Yang,
                Ming-Hsuan and Wang, Huisheng and Belongie, Serge and Cui,
                Yin},
  booktitle  = {{2021 IEEE/CVF Conference on Computer Vision and Pattern
                Recognition (CVPR)}},
  conference = {2021 IEEE/CVF Conference on Computer Vision and Pattern
                Recognition (CVPR)},
  location   = {Nashville, TN, USA},
  month      = jun,
  publisher  = {IEEE},
  title      = {{Spatiotemporal Contrastive Video Representation Learning}},
  year       = 2021
}

@inproceedings{Qu2020-dg,
  address   = {New York, NY, USA},
  author    = {Qu, Xiaoye and Tang, Pengwei and Zou, Zhikang and Cheng, Yu and
               Dong, Jianfeng and Zhou, Pan and Xu, Zichuan},
  booktitle = {{Proceedings of the ACM International Conference on Multimedia
               (MM)}},
  location  = {Seattle, WA, USA},
  month     = oct,
  pages     = {4280--4288},
  publisher = {Association for Computing Machinery},
  series    = {MM '20},
  title     = {{Fine-grained Iterative Attention Network for Temporal Language
               Localization in Videos}},
  year      = 2020
}

@inproceedings{Radford2021-kx,
  author    = {Radford, Alec and Kim, Jong Wook and Hallacy, Chris and Ramesh,
               Aditya and Goh, Gabriel and Agarwal, Sandhini and Sastry, Girish
               and Askell, Amanda and Mishkin, Pamela and Clark, Jack and
               Krueger, Gretchen and Sutskever, Ilya},
  booktitle = {{Proceedings of the 38th International Conference on Machine
               Learning}},
  editor    = {Meila, Marina and Zhang, Tong},
  pages     = {8748--8763},
  publisher = {PMLR},
  series    = {Proceedings of Machine Learning Research},
  title     = {{Learning Transferable Visual Models From Natural Language
               Supervision}},
  volume    = 139,
  year      = 2021
}

@article{Raffel2020-fv,
  author  = {Raffel, Colin and Shazeer, Noam and Roberts, Adam and Lee,
             Katherine and Narang, Sharan and Matena, Michael and Zhou, Yanqi
             and Li, Wei and Liu, Peter J},
  journal = {J. Mach. Learn. Res.},
  number  = 140,
  pages   = {1--67},
  title   = {{Exploring the Limits of Transfer Learning with a Unified
             Text-to-Text Transformer}},
  volume  = 21,
  year    = 2020
}

@article{Raffel2020-vo,
  author    = {Raffel, Colin and Shazeer, Noam and Roberts, Adam and Lee,
               Katherine and Narang, Sharan and Matena, Michael and Zhou, Yanqi
               and Li, Wei and Liu, Peter J},
  journal   = {J. Mach. Learn. Res.},
  keywords  = {multi-task learning, deep learning, natural language processing,
               transfer learning, attention based models},
  month     = jan,
  number    = 1,
  publisher = {JMLR.org},
  title     = {{Exploring the Limits of Transfer Learning with a Unified
               Text-to-Text Transformer}},
  volume    = 21,
  year      = 2020
}

@inproceedings{Rahman2019-rp,
  author     = {Rahman, Tanzila and Xu, Bicheng and Sigal, Leonid},
  booktitle  = {{Proceedings of the IEEE/CVF International Conference on
                Computer Vision (ICCV)}},
  conference = {2019 IEEE/CVF International Conference on Computer Vision
                (ICCV)},
  location   = {Seoul, Korea (South)},
  month      = oct,
  pages      = {8908--8917},
  publisher  = {IEEE},
  title      = {{Watch, Listen and Tell: Multi-Modal Weakly Supervised
                Dense Event Captioning}},
  year       = 2019
}

@inproceedings{Reimers2019-mm,
  author    = {Reimers, Nils and Gurevych, Iryna},
  booktitle = {{Proceedings of the 2019 Conference on Empirical Methods in
               Natural Language Processing}},
  keywords  = {AE;Embedding;NLP;Reparameterization;2022ADVC},
  language  = {en},
  publisher = {Association for Computational Linguistics},
  title     = {{Sentence-BERT: Sentence Embeddings using Siamese BERT-Networks}},
  year      = 2019
}

@inproceedings{ren2017deep,
  author    = {Ren, Zhongzheng and Wang, Xiaodong and Zhang, Ning and Lv, Xiaoyu and Li, Li-Jia},
  booktitle = {Proceedings of the IEEE Conference on Computer Vision and Pattern Recognition},
  pages     = {290--298},
  title     = {Deep Reinforcement Learning-Based Image Captioning with Embedding Reward},
  year      = {2017}
}

@inproceedings{rennie2017self,
  author    = {Rennie, Steven J. and Marcheret, Etienne and Mroueh, Youssef and Ross, Jarret and Goel, Vaibhava},
  booktitle = {Proceedings of the IEEE Conference on Computer Vision and Pattern Recognition},
  pages     = {7008--7024},
  title     = {Self-Critical Sequence Training for Image Captioning},
  year      = {2017}
}

@inproceedings{Rohrbach2013-md,
  author    = {Rohrbach, Marcus and Qiu, Wei and Titov, Ivan and Thater, Stefan
               and Pinkal, Manfred and Schiele, Bernt},
  booktitle = {{2013 IEEE International Conference on Computer Vision}},
  keywords  = {Visualization;Semantics;Training;Natural languages;Predictive
               models;Training data;Computational modeling},
  month     = dec,
  pages     = {433--440},
  title     = {{Translating Video Content to Natural Language Descriptions}},
  year      = 2013
}

@article{seo2021personalized,
  author  = {Seo, Minkyo and Kang, Sujin and Han, Bohyung},
  journal = {IEEE Transactions on Multimedia},
  pages   = {4311--4323},
  title   = {Personalized video captioning: Adaptation and evaluation},
  volume  = {23},
  year    = {2021}
}

@inproceedings{Seo2022-ok,
  author    = {Seo, Paul Hongsuck and Nagrani, Arsha and Arnab, Anurag and
               Schmid, Cordelia},
  booktitle = {{2022 IEEE/CVF Conference on Computer Vision and Pattern
               Recognition (CVPR)}},
  keywords  = {DVC;2022ADVC},
  pages     = {17938--17947},
  title     = {{End-to-end Generative Pretraining for Multimodal Video
               Captioning}},
  year      = 2022
}

@inproceedings{seo2022end,
  author    = {Seo, P. H. and Nagrani, A. and Arnab, A. and Schmid, C.},
  booktitle = {Proceedings of the IEEE/CVF Conference on Computer Vision and Pattern Recognition},
  pages     = {17968--17978},
  title     = {End-to-end Generative Pretraining for Multimodal Video Captioning},
  year      = {2022}
}

@inproceedings{Shen2017-gx,
  author    = {Shen, Zhiqiang and Li, Jianguo and Su, Zhou and Li, Minjun and
               Chen, Yurong and Jiang, Yu-Gang and Xue, Xiangyang},
  booktitle = {{2017 IEEE Conference on Computer Vision and Pattern Recognition
               (CVPR)}},
  keywords  = {2021DVC;2022ADVC},
  pages     = {1916--1924},
  title     = {{Weakly Supervised Dense Video Captioning}},
  year      = 2017
}

@inproceedings{shi2023densecap,
  author    = {Shi, Shiyang and Wang, Wen and others},
  booktitle = {Proceedings of the International Conference on Learning Representations},
  title     = {DenseCapGPT: GPT for Dense Video Captioning},
  year      = {2023}
}

@inproceedings{Suin2020-tq,
  author    = {Suin, Maitreya and Rajagopalan, A N},
  booktitle = {{Proceedings of the AAAI Conference on Artificial Intelligence}},
  keywords  = {Application;NLP;Vision;DVC;2022ADVC;2021DVC},
  month     = apr,
  pages     = {12039--12046},
  publisher = {Association for the Advancement of Artificial Intelligence
               (AAAI)},
  title     = {{An Efficient Framework for Dense Video Captioning}},
  volume    = 34,
  year      = 2020
}

@inproceedings{suin2020efficient,
  author    = {Suin, Manmatha and Rajagopalan, A. N.},
  booktitle = {Proceedings of the AAAI Conference on Artificial Intelligence},
  pages     = {12039--12046},
  title     = {An Efficient Framework for Dense Video Captioning},
  year      = {2020}
}

@inproceedings{Summers2021-mz,
  author    = {Summers, Cecilia and Dinneen, Michael J},
  booktitle = {{Proceedings of the 38th International Conference on Machine
               Learning}},
  editor    = {Meila, Marina and Zhang, Tong},
  pages     = {9913--9922},
  publisher = {PMLR},
  series    = {Proceedings of Machine Learning Research},
  title     = {{Nondeterminism and Instability in Neural Network Optimization}},
  volume    = 139,
  year      = 2021
}

@inproceedings{Sun2022-ij,
  author    = {Sun, Yuchong and Xue, Hongwei and Song, Ruihua and Liu, Bei and
               Yang, Huan and Fu, Jianlong},
  booktitle = {{Advances in Neural Information Processing Systems}},
  editor    = {Koyejo, S and Mohamed, S and Agarwal, A and Belgrave, D and Cho,
               K and Oh, A},
  pages     = {38032--38045},
  publisher = {Curran Associates, Inc.},
  title     = {{Long-Form Video-Language Pre-Training with Multimodal Temporal
               Contrastive Learning}},
  volume    = 35,
  year      = 2022
}

@inproceedings{sutskever2014sequence,
  author    = {Sutskever, Ilya and Vinyals, Oriol and Le, Quoc V.},
  booktitle = {Advances in Neural Information Processing Systems},
  pages     = {3104--3112},
  title     = {Sequence to Sequence Learning with Neural Networks},
  year      = {2014}
}

@inproceedings{szegedy2016rethinking,
  author    = {Szegedy, Christian and Vanhoucke, Vincent and Ioffe, Sergey and Shlens, Jon and Wojna, Zbigniew},
  booktitle = {Proceedings of the IEEE Conference on Computer Vision and Pattern Recognition},
  pages     = {2818--2826},
  title     = {Rethinking the Inception Architecture for Computer Vision},
  year      = {2016}
}

@inproceedings{Tian2018-ys,
  author      = {Tian, Yu and Peng, Xi and Zhao, Long and Zhang, Shaoting and
                 Metaxas, Dimitris N},
  booktitle   = {{Proceedings of the AAAI Conference on Artificial Intelligence}},
  institution = {Github},
  language    = {en},
  pages       = {942--948},
  title       = {{CR-GAN: Learning Complete Representations for Multi-view
                 Generation}},
  year        = 2018
}

@inproceedings{Tran2015-uq,
  address    = {Los Alamitos, CA, USA},
  author     = {Tran, Du and Bourdev, Lubomir and Fergus, Rob and
                Torresani, Lorenzo and Paluri, Manohar},
  booktitle  = {{2015 IEEE International Conference on Computer Vision
                (ICCV)}},
  conference = {2015 IEEE International Conference on Computer Vision
                (ICCV)},
  location   = {Santiago, Chile},
  month      = dec,
  pages      = {4489--4497},
  publisher  = {IEEE},
  title      = {{Learning Spatiotemporal Features with 3D Convolutional
                Networks}},
  year       = 2015
}

@inproceedings{tran2015learning,
  author    = {Tran, Du and Bourdev, Lubomir and Fergus, Rob and Torresani, Lorenzo and Paluri, Manohar},
  booktitle = {Proceedings of the IEEE International Conference on Computer Vision},
  pages     = {4489--4497},
  title     = {Learning Spatiotemporal Features with 3{D} Convolutional Networks},
  year      = {2015}
}

@inproceedings{Vaswani2017-sc,
  address   = {Red Hook, NY, USA},
  author    = {Vaswani, Ashish and Shazeer, Noam and Parmar, Niki and
               Uszkoreit, Jakob and Jones, Llion and Gomez, Aidan N and Kaiser,
               {\L}ukasz and Polosukhin, Illia},
  booktitle = {{Proceedings of the 31st International Conference on Neural
               Information Processing Systems}},
  keywords  = {NLP;Theory;2021DVC;2022ADVC},
  pages     = {6000--6010},
  publisher = {Curran Associates Inc.},
  series    = {NIPS'17},
  title     = {{Attention Is All You Need}},
  volume    = 30,
  year      = 2017
}

@inproceedings{vaswani2017attention,
  author    = {Vaswani, Ashish and Shazeer, Noam and Parmar, Niki and Uszkoreit, Jakob and Jones, Llion and Gomez, Aidan N. and Kaiser, {\L}ukasz and Polosukhin, Illia},
  booktitle = {Proceedings of the 31st International Conference on Neural Information Processing Systems},
  pages     = {6000--6010},
  title     = {Attention Is All You Need},
  year      = {2017}
}

@inproceedings{Vedantam2015-ma,
  author    = {Vedantam, Ramakrishna and Lawrence Zitnick, C and Parikh, Devi},
  booktitle = {{2015 IEEE Conference on Computer Vision and Pattern Recognition
               (CVPR)}},
  keywords  = {2021DVC;2022ADVC},
  pages     = {4566--4575},
  title     = {{CIDEr: Consensus-based Image Description Evaluation}},
  year      = 2015
}


@inproceedings{vedantam2015cider,
  author    = {Vedantam, Ramakrishna and Zitnick, C. Lawrence and Parikh, Devi},
  booktitle = {Proceedings of the IEEE Conference on Computer Vision and Pattern Recognition},
  pages     = {4566--4575},
  title     = {{CIDEr}: Consensus-based Image Description Evaluation},
  year      = {2015}
}


@inproceedings{Venugopalan2015-di,
  author    = {Venugopalan, Subhashini and Rohrbach, Marcus and Donahue, Jeff
               and Mooney, Raymond and Darrell, Trevor and Saenko, Kate},
  booktitle = {{Proceedings of the IEEE International Conference on Computer
               Vision (ICCV)}},
  pages     = {4534--4542},
  title     = {{Sequence to Sequence -- Video to Text}},
  year      = 2015
}

@inproceedings{venugopalan2015sequence,
  author    = {Venugopalan, Subhashini and Rohrbach, Marcus and Donahue, Jeff and Mooney, Raymond and Darrell, Trevor and Saenko, Kate},
  booktitle = {Proceedings of the IEEE International Conference on Computer Vision},
  pages     = {4534--4542},
  title     = {Sequence to Sequence -- Video to Text},
  year      = {2015}
}

@inproceedings{venugopalan2015translating,
  author    = {Venugopalan, Subhashini and Xu, Huijuan and Donahue, Jeff and Rohrbach, Marcus and Mooney, Raymond and Saenko, Kate},
  booktitle = {Proceedings of the Conference of the North American Chapter of the Association for Computational Linguistics: Human Language Technologies},
  pages     = {1494--1504},
  title     = {Translating Videos to Natural Language Using Deep Recurrent Neural Networks},
  year      = {2015}
}

@article{Vincent2010-yp,
  author    = {Vincent, Pascal and Larochelle, Hugo and Lajoie, Isabelle and
               Bengio, Yoshua and Manzagol, Pierre-Antoine},
  journal   = {J. Mach. Learn. Res.},
  month     = dec,
  pages     = {3371--3408},
  publisher = {JMLR.org},
  title     = {{Stacked Denoising Autoencoders: Learning Useful Representations
               in a Deep Network with a Local Denoising Criterion}},
  volume    = 11,
  year      = 2010
}

@inproceedings{vinyals2015show,
  author    = {Vinyals, Oriol and Toshev, Alexander and Bengio, Samy and Erhan, Dumitru},
  booktitle = {Proceedings of the IEEE Conference on Computer Vision and Pattern Recognition},
  pages     = {3156--3164},
  title     = {Show and Tell: A Neural Image Caption Generator},
  year      = {2015}
}

@article{Wajid2024-ab,
  author  = {Wajid, Mohammad Saif and Terashima-Marin, Hugo and Najafirad,
             Peyman and Pablos, Santiago Enrique Conant and Wajid, Mohd Anas},
  journal = {Journal of Open Innovation: Technology, Market, and Complexity},
  month   = jun,
  number  = 2,
  pages   = {100297},
  title   = {{DTwin-TEC: An AI-based TEC district digital twin and emulating
             security events by leveraging knowledge graph}},
  volume  = 10,
  year    = 2024
}

@article{Wajid2024-cm,
  author    = {Wajid, Mohammad Saif and Terashima-Marin, Hugo and Najafirad,
               Peyman and Wajid, Mohd Anas},
  journal   = {Engineering Reports},
  month     = jan,
  number    = 1,
  pages     = {e12785},
  publisher = {John Wiley \& Sons, Ltd},
  title     = {{Deep learning and knowledge graph for image/video captioning: A
               review of datasets, evaluation metrics, and methods}},
  volume    = 6,
  year      = 2024
}

@inproceedings{Wang2018-ap,
  author     = {Wang, Jingwen and Jiang, Wenhao and Ma, Lin and Liu, Wei
                and Xu, Yong},
  booktitle  = {{2018 IEEE/CVF Conference on Computer Vision and Pattern
                Recognition}},
  conference = {2018 IEEE/CVF Conference on Computer Vision and Pattern
                Recognition (CVPR)},
  keywords   = {Application;DVC;NLP;Vision;2021DVC;2022ADVC},
  location   = {Salt Lake City, UT},
  month      = jun,
  pages      = {7190--7198},
  publisher  = {IEEE},
  title      = {{Bidirectional Attentive Fusion with Context Gating for
                Dense Video Captioning}},
  year       = 2018
}

@inproceedings{Wang2018-xu,
  author    = {Wang, Junbo and Wang, Wei and Huang, Yan and Wang, Liang and
               Tan, Tieniu},
  booktitle = {{Proceedings of the IEEE Conference on Computer Vision and
               Pattern Recognition (CVPR)}},
  pages     = {7512--7520},
  title     = {{M3: Multimodal Memory Modelling for Video Captioning}},
  year      = 2018
}

@inproceedings{Wang2018-yx,
  author    = {Wang, Bairui and Ma, Lin and Zhang, Wei and Liu, Wei},
  booktitle = {{Proceedings of the IEEE Conference on Computer Vision and
               Pattern Recognition (CVPR)}},
  pages     = {7622--7631},
  title     = {{Reconstruction Network for Video Captioning}},
  year      = 2018
}

@inproceedings{wang2018bidirectional,
  author    = {Wang, Jun and Jiang, Wentong and Ma, Lin and Liu, Wei and Xu, Yong},
  booktitle = {Proceedings of the IEEE Conference on Computer Vision and Pattern Recognition},
  pages     = {7190--7198},
  title     = {Bidirectional Attentive Fusion with Context Gating for Dense Video Captioning},
  year      = {2018}
}

@inproceedings{wang2018reconstruction,
  author    = {Wang, Bohan and Ma, Lin and Zhang, Wei and Liu, Wei},
  booktitle = {Proceedings of the IEEE Conference on Computer Vision and Pattern Recognition},
  pages     = {7622--7631},
  title     = {Reconstruction Network for Video Captioning},
  year      = {2018}
}

@article{wang2018temporal,
  author  = {Wang, Limin and Xiong, Yuanjun and Wang, Zhe and Qiao, Yu and Lin, Dahua and Tang, Xiaoou and Van Gool, Luc},
  journal = {IEEE Transactions on Pattern Analysis and Machine Intelligence},
  number  = {11},
  pages   = {2740--2755},
  title   = {Temporal Segment Networks for Action Recognition in Videos},
  volume  = {41},
  year    = {2018}
}

@inproceedings{Wang2019-dh,
  author     = {Wang, Bairui and Ma, Lin and Zhang, Wei and Jiang, Wenhao
                and Wang, Jingwen and Liu, Wei},
  booktitle  = {{Proceedings of the IEEE/CVF International Conference on
                Computer Vision (ICCV)}},
  conference = {2019 IEEE/CVF International Conference on Computer Vision
                (ICCV)},
  location   = {Seoul, Korea (South)},
  month      = oct,
  pages      = {2641--2650},
  publisher  = {IEEE},
  title      = {{Controllable Video Captioning With POS Sequence Guidance
                Based on Gated Fusion Network}},
  year       = 2019
}

@inproceedings{Wang2019-tk,
  author    = {Wang, Xin and Wu, Jiawei and Chen, Junkun and Li, Lei and Wang,
               Yuan-Fang and Wang, William Yang},
  booktitle = {{Proceedings of the IEEE/CVF International Conference on Computer
               Vision (ICCV)}},
  pages     = {4581--4591},
  title     = {{VTX: A Large-Scale, High-Quality Multilingual Dataset for
               Video-and-Language Research}},
  year      = 2019
}

@article{Wang2019-xv,
  author   = {Wang, Limin and Xiong, Yuanjun and Wang, Zhe and Qiao, Yu and
              Lin, Dahua and Tang, Xiaoou and Van Gool, Luc},
  journal  = {IEEE Trans. Pattern Anal. Mach. Intell.},
  keywords = {Videos;Training;Adaptation models;Analytical
              models;Visualization;Microsoft Windows;Histograms;Action
              recognition;temporal segment networks;temporal modeling;good
              practices;ConvNets;Vision;2022ADVC},
  month    = nov,
  number   = 11,
  pages    = {2740--2755},
  title    = {{Temporal Segment Networks for Action Recognition in Videos}},
  volume   = 41,
  year     = 2019
}

@inproceedings{wang2019describing,
  author    = {Wang, Qian and Chan, Antoni B.},
  booktitle = {Proceedings of the IEEE/CVF Conference on Computer Vision and Pattern Recognition},
  pages     = {4195--4203},
  title     = {Describing Like Humans: On Diversity in Image Captioning},
  year      = {2019}
}

@article{wang2020event,
  author  = {Wang, Zuxuan and Yu, Chao and Wang, Zhicheng and Ma, Jinlin and Liu, Yang},
  journal = {IEEE Transactions on Pattern Analysis and Machine Intelligence},
  number  = {9},
  pages   = {3081--3100},
  title   = {Event-driven video understanding: A survey},
  volume  = {43},
  year    = {2020}
}

@article{Wang2021-xe,
  author   = {Wang, Teng and Zheng, Huicheng and Yu, Mingjing and Tian, Qian
              and Hu, Haifeng},
  journal  = {IEEE Trans. Circuits Syst. Video Technol.},
  keywords = {Proposals;Visualization;Semantics;Feature extraction;Task
              analysis;Generators;Coherence;Dense video captioning;hierarchical
              representation;visual
              relationship;Application;DVC;NLP;Vision;2022ADVC},
  month    = may,
  number   = 5,
  pages    = {1890--1900},
  title    = {{Event-Centric Hierarchical Representation for Dense Video
              Captioning}},
  volume   = 31,
  year     = 2021
}

@inproceedings{Wang2021-zi,
  author    = {Wang, Teng and Zhang, Ruimao and Lu, Zhichao and Zheng, Feng and
               Cheng, Ran and Luo, Ping},
  booktitle = {{Proceedings of the IEEE/CVF International Conference on Computer
               Vision}},
  keywords  = {Application;DVC;NLP;Vision;2021DVC;2022ADVC},
  pages     = {6847--6857},
  title     = {{End-to-End Dense Video Captioning with Parallel Decoding}},
  year      = 2021
}

@inproceedings{wang2021end,
  author    = {Wang, Tong and Zhang, Rui and Lu, Zhengkun and Zheng, Fan and Cheng, Ran and Luo, Ping},
  booktitle = {Proceedings of the IEEE/CVF International Conference on Computer Vision},
  pages     = {6847--6857},
  title     = {End-to-End Dense Video Captioning with Parallel Decoding},
  year      = {2021}
}

@inproceedings{wang2021proposal,
  author    = {Wang, Zhongjie and Wang, Ming and others},
  booktitle = {Proceedings of AAAI},
  title     = {Proposal-Free Dense Video Captioning with Transformer},
  year      = {2021}
}

@inproceedings{Wang2022-um,
  address   = {Punta Cana, Dominican Republic},
  author    = {Wang, Kexin and Reimers, Nils and Gurevych, Iryna},
  booktitle = {{Findings of the Association for Computational Linguistics: EMNLP
               2021}},
  keywords  = {Pretrained;NLP;VAE;Embedding;2022ADVC},
  pages     = {671--688},
  publisher = {Association for Computational Linguistics},
  title     = {{{TSDAE}: Using Transformer-based Sequential Denoising
               Auto-Encoderfor Unsupervised Sentence Embedding Learning}},
  year      = 2022
}

@article{Wang2023-tu,
  archiveprefix = {arXiv},
  author        = {Wang, Teng and Zhang, Jinrui and Zheng, Feng and Jiang,
                   Wenhao and Cheng, Ran and Luo, Ping},
  eprint        = {2303.06378},
  keywords      = {DVC;2022ADVC},
  month         = mar,
  primaryclass  = {cs.CV},
  title         = {{Learning Grounded Vision-Language Representation for
                   Versatile Understanding in Untrimmed Videos}},
  year          = 2023
}

@article{williams1989learning,
  author  = {Williams, R. and Zipser, D.},
  journal = {Neural Computation},
  number  = {2},
  pages   = {270--280},
  title   = {A Learning Algorithm for Continually Running Fully Recurrent Neural Networks},
  volume  = {1},
  year    = {1989}
}

@inproceedings{Wu2016-bh,
  author    = {Wu, Jiajun and Zhang, Chengkai and Xue, Tianfan and Freeman,
               Bill and Tenenbaum, Josh},
  booktitle = {{Proceedings of the 30th International Conference on Neural
               Information Processing Systems}},
  keywords  = {GAN;VAE;Vision;2022ADVC},
  publisher = {Curran Associates Inc.},
  title     = {{Learning a Probabilistic Latent Space of Object Shapes via 3D
               Generative-Adversarial Modeling}},
  volume    = 29,
  year      = 2016
}

@article{xiao2019video,
  author  = {Xiao, Heng and Shi, Jian},
  journal = {IEEE Access},
  pages   = {135757--135769},
  title   = {Video Captioning With Adaptive Attention and Mixed Loss Optimization},
  volume  = {7},
  year    = {2019}
}

@inproceedings{Xie_undated-td,
  author    = {Xie, Qizhe and Dai, Zihang and Hovy, Eduard and Luong,
               Minh-Thang and Le, Quoc V},
  booktitle = {{Proceedings of the 34th International Conference on Neural
               Information Processing Systems}},
  keywords  = {2022ADVC},
  language  = {en},
  series    = {NIPS'20},
  title     = {{Unsupervised Data Augmentation for Consistency Training}}
}

@inproceedings{Xiong2018-dx,
  author    = {Xiong, Yilei and Dai, Bo and Lin, Dahua},
  booktitle = {{Proceedings of the European Conference on Computer Vision (ECCV)}},
  pages     = {468--483},
  title     = {{Move Forward and Tell: A Progressive Generator of Video
               Descriptions}},
  year      = 2018
}

@inproceedings{xiong2018move,
  author    = {Xiong, Yuanjun and Dai, Bo and Lin, Dahua},
  booktitle = {Proceedings of the European Conference on Computer Vision},
  pages     = {468--483},
  title     = {Move Forward and Tell: A Progressive Generator of Video Descriptions},
  year      = {2018}
}

@inproceedings{Xu2016-ti,
  author    = {Xu, Jun and Mei, Tao and Yao, Ting and Rui, Yong},
  booktitle = {{Proceedings of the IEEE Conference on Computer Vision and
               Pattern Recognition (CVPR)}},
  month     = jun,
  pages     = {5288--5296},
  publisher = {IEEE},
  title     = {{MSR-VTT: A Large Video Description Dataset for Bridging Video
               and Language}},
  year      = 2016
}

@inproceedings{xu2021dense,
  author    = {Xu, Huijuan and He, Wentao and others},
  booktitle = {Proceedings of the IEEE/CVF Conference on Computer Vision and Pattern Recognition},
  title     = {Dense Video Captioning with Transformer and Cross-modal Attention},
  year      = {2021}
}

@inproceedings{Yang2021-xf,
  author    = {Yang, Bang and Zou, Yuexian and Liu, Fenglin and Zhang, Can},
  booktitle = {{Proceedings of the AAAI Conference on Artificial Intelligence}},
  month     = may,
  pages     = {3119--3127},
  publisher = {Association for the Advancement of Artificial Intelligence
               (AAAI)},
  title     = {{Non-Autoregressive Coarse-to-Fine Video Captioning}},
  volume    = 35,
  year      = 2021
}

@inproceedings{Yang2023-fm,
  author    = {Yang, Antoine and Nagrani, Arsha and Seo, Paul Hongsuck and
               Miech, Antoine and Pont-Tuset, Jordi and Laptev, Ivan and Sivic,
               Josef and Schmid, Cordelia},
  booktitle = {{Proceedings of the IEEE/CVF Conference on Computer Vision and
               Pattern Recognition (CVPR)}},
  keywords  = {DVC;2022ADVC},
  pages     = {10714--10726},
  title     = {{Vid2Seq: Large-Scale Pretraining of a Visual Language Model for
               Dense Video Captioning}},
  year      = 2023
}

@misc{yang2023vid2seq,
  archiveprefix = {arXiv},
  author        = {Yang, A. and Lu, J. and Batra, D. and Parikh, D.},
  eprint        = {2302.14115},
  primaryclass  = {cs.CV},
  title         = {Vid2Seq: Large-Scale Pretraining of a Visual Language Model for Dense Video Captioning},
  year          = {2023}
}

@inproceedings{yao2015describing,
  author    = {Yao, Li and Torabi, Atousa and Cho, Kyunghyun and Ballas, Nicolas and Pal, Chris and Larochelle, Hugo and Courville, Aaron},
  booktitle = {Proceedings of the IEEE International Conference on Computer Vision},
  pages     = {4507--4515},
  title     = {Describing Videos by Exploiting Temporal Structure},
  year      = {2015}
}

@inproceedings{Yu2016-il,
  author    = {Yu, Haonan and Wang, Jiang and Huang, Zhiheng and Yang, Yi and
               Xu, Wei},
  booktitle = {{Proceedings of the IEEE Conference on Computer Vision and
               Pattern Recognition (CVPR)}},
  pages     = {4584--4593},
  title     = {{Video Paragraph Captioning Using Hierarchical Recurrent Neural
               Networks}},
  year      = 2016
}

@inproceedings{yu2016video,
  author    = {Yu, Haoran and Wang, Jiang and Huang, Zhiheng and Yang, Yi and Xu, Wei},
  booktitle = {Proceedings of the IEEE Conference on Computer Vision and Pattern Recognition},
  pages     = {4584--4593},
  title     = {Video Paragraph Captioning Using Hierarchical Recurrent Neural Networks},
  year      = {2016}
}

@inproceedings{yu2017end,
  author    = {Yu, Youngjae and Ko, Hyeonwoo and Choi, Jonghwan and Kim, Gunhee},
  booktitle = {Proceedings of the IEEE Conference on Computer Vision and Pattern Recognition},
  pages     = {3165--3173},
  title     = {End-to-End Concept Word Detection for Video Captioning, Retrieval, and Question Answering},
  year      = {2017}
}

@inproceedings{yuan2017temporal,
  author    = {Yuan, Z. and Stroud, J. and Lu, T. and Deng, J.},
  booktitle = {Proceedings of the IEEE Conference on Computer Vision and Pattern Recognition},
  pages     = {3684--3692},
  title     = {Temporal Action Localization by Structured Maximal Sums},
  year      = {2017}
}

@inproceedings{Yuan2019-zc,
  author    = {Yuan, Yitian and Mei, Tao and Zhu, Wenwu},
  booktitle = {{Proceedings of the AAAI Conference on Artificial Intelligence}},
  month     = jul,
  pages     = {9159--9166},
  publisher = {Association for the Advancement of Artificial Intelligence
               (AAAI)},
  title     = {{To Find Where You Talk: Temporal Sentence Localization in Video
               with Attention Based Location Regression}},
  volume    = 33,
  year      = 2019
}

@inproceedings{Zellers2021-tm,
  author    = {Zellers, Rowan and Lu, Ximing and Hessel, Jack and Yu, Youngjae
               and Park, Jae Sung and Cao, Jize and Farhadi, Ali and Choi,
               Yejin},
  booktitle = {{Advances in Neural Information Processing Systems}},
  editor    = {Ranzato, M and Beygelzimer, A and Dauphin, Y and Liang, P S and
               Vaughan, J Wortman},
  pages     = {23634--23651},
  publisher = {Curran Associates, Inc.},
  title     = {{MERLOT: Multimodal Neural Script Knowledge Models}},
  volume    = 34,
  year      = 2021
}

@article{zellers2021merlot,
  author  = {Zellers, Rowan and Lu, Ximing and Yu, Youngjae and others},
  journal = {arXiv preprint arXiv:2106.02636},
  title   = {MERLOT: Multimodal Neural Script Knowledge Models},
  year    = {2021}
}

@inproceedings{Zellers2022-zr,
  author    = {Zellers, Rowan and Lu, Jiasen and Lu, Ximing and Yu, Youngjae
               and Zhao, Yanpeng and Salehi, Mohammadreza and Kusupati, Aditya
               and Hessel, Jack and Farhadi, Ali and Choi, Yejin},
  booktitle = {{2022 IEEE/CVF Conference on Computer Vision and Pattern
               Recognition (CVPR)}},
  copyright = {http://creativecommons.org/licenses/by/4.0/},
  month     = jan,
  pages     = {16375--16387},
  title     = {{MERLOT Reserve: Neural Script Knowledge through Vision and
               Language and Sound}},
  year      = 2022
}

@article{Zeng2024-graph,
  author  = {Yuan Zeng and Qing Wang and Junchi Yan},
  doi     = {10.1145/3712059},
  journal = {ACM Transactions on Multimedia Computing, Communications, and Applications (TOMM)},
  number  = {1},
  pages   = {1--21},
  title   = {Attention-based Temporal Graph Reasoning for Video Segment Retrieval},
  volume  = {20},
  year    = {2024}
}

@inproceedings{Zhang2017-jc,
  author    = {Zhang, Han and Xu, Tao and Li, Hongsheng and Zhang, Shaoting and
               Wang, Xiaogang and Huang, Xiaolei and Metaxas, Dimitris N},
  booktitle = {{2017 IEEE International Conference on Computer Vision}},
  keywords  = {Application;GAN;VAE;Vision;2022ADVC},
  pages     = {5907--5915},
  title     = {{StackGAN: Text to Photo-realistic Image Synthesis with Stacked
               Generative Adversarial Networks}},
  year      = 2017
}

@inproceedings{Zhang2019-kb,
  author     = {Zhang, Junchao and Peng, Yuxin},
  booktitle  = {{Proceddings of the IEEE/CVF Conference on Computer Vision
                and Pattern Recognition (CVPR)}},
  conference = {2019 IEEE/CVF Conference on Computer Vision and Pattern
                Recognition (CVPR)},
  location   = {Long Beach, CA, USA},
  month      = jun,
  pages      = {8327--8336},
  publisher  = {IEEE},
  title      = {{Object-Aware Aggregation With Bidirectional Temporal Graph
                for Video Captioning}},
  year       = 2019
}

@inproceedings{Zhang2020-rl,
  author    = {Zhang, Ziqi and Shi, Yaya and Yuan, Chunfeng and Li, Bing and
               Wang, Peijin and Hu, Weiming and Zha, Zheng-Jun},
  booktitle = {{Proceedings of the IEEE/CVF Conference on Computer Vision and
               Pattern Recognition (CVPR)}},
  month     = jun,
  pages     = {13278--13288},
  publisher = {IEEE},
  title     = {{Object Relational Graph With Teacher-Recommended Learning for
               Video Captioning}},
  year      = 2020
}

@inproceedings{Zhang2020-rm,
  author    = {Zhang, Songyang and Peng, Houwen and Fu, Jianlong and Luo, Jiebo},
  booktitle = {{Proceedings of the AAAI Conference on Artificial Intelligence}},
  month     = apr,
  pages     = {12870--12877},
  publisher = {Association for the Advancement of Artificial Intelligence
               (AAAI)},
  title     = {{Learning 2D Temporal Adjacent Networks for Moment Localization
               with Natural Language}},
  volume    = 34,
  year      = 2020
}

@inproceedings{Zhang2022-ni,
  address   = {Berlin, Heidelberg},
  author    = {Zhang, Qi and Song, Yuqing and Jin, Qin},
  booktitle = {{Computer Vision -- ECCV 2022: 17th European Conference, Tel
               Aviv, Israel, October 23--27, 2022, Proceedings, Part XXXVI}},
  copyright = {http://arxiv.org/licenses/nonexclusive-distrib/1.0/},
  keywords  = {DVC;2022ADVC},
  month     = jul,
  pages     = {363--379},
  publisher = {Springer-Verlag},
  title     = {{Unifying Event Detection and Captioning as Sequence Generation
               via Pre-Training}},
  year      = 2022
}

@inproceedings{zhao2020bottom,
  author    = {Zhao, P. and Xie, L. and Ju, C. and Zhang, Y. and Wang, Y. and Tian, Q.},
  booktitle = {Proceedings of the European Conference on Computer Vision},
  pages     = {539--555},
  title     = {Bottom-Up Temporal Action Localization with Mutual Regularization},
  year      = {2020}
}

@inproceedings{Zhou2018-eq,
  author    = {Zhou, Luowei and Xu, Chenliang and Corso, Jason},
  booktitle = {{AAAI Conference on Artificial Intelligence}},
  keywords  = {Deep Learning; Computer Vision; Artificial Intelligence; Video
               Understanding; Language and Vision; YouCook2 Dataset},
  language  = {en},
  month     = apr,
  pages     = {7590--7598},
  title     = {{Towards Automatic Learning of Procedures From Web Instructional
               Videos}},
  volume    = 32,
  year      = 2018
}

@inproceedings{Zhou2018-zu,
  author     = {Zhou, Luowei and Zhou, Yingbo and Corso, Jason J and
                Socher, Richard and Xiong, Caiming},
  booktitle  = {{2018 IEEE/CVF Conference on Computer Vision and Pattern
                Recognition}},
  conference = {2018 IEEE/CVF Conference on Computer Vision and Pattern
                Recognition (CVPR)},
  keywords   = {Application;DVC;NLP;Vision;2021DVC;2022ADVC},
  location   = {Salt Lake City, UT},
  month      = jun,
  pages      = {8739--8748},
  publisher  = {IEEE},
  title      = {{End-to-End Dense Video Captioning with Masked Transformer}},
  year       = 2018
}

@inproceedings{zhou2018end,
  author    = {Zhou, Luowei and Xu, Chenliang and Corso, Jason J},
  booktitle = {Proceedings of the IEEE Conference on Computer Vision and Pattern Recognition},
  title     = {End-to-End Dense Video Captioning with Masked Transformer},
  year      = {2018}
}

@inproceedings{zhou2018towards,
  author    = {Zhou, Luowei and Xu, Chenliang and Corso, Jason},
  booktitle = {Proceedings of the 32nd AAAI Conference on Artificial Intelligence},
  pages     = {7590--7598},
  title     = {Towards Automatic Learning of Procedures from Web Instructional Videos},
  year      = {2018}
}

@inproceedings{Zhu2017-cy,
  author    = {Zhu, Jun-Yan and Park, Taesung and Isola, Phillip and Efros, Alexei A.},
  booktitle = {Proceedings of the IEEE International Conference on Computer Vision (ICCV)},
  pages     = {2223--2232},
  title     = {Unpaired Image-to-Image Translation using Cycle-Consistent Adversarial Networks},
  year      = {2017}
}

@misc{Zhu2020-ba,
  author   = {Zhu, Qile and Bi, Wei and Liu, Xiaojiang and Ma, Xiyao and Li,
              Xiaolin and Wu, Dapeng},
  journal  = {Proceedings of the 58th Annual Meeting of the Association for
              Computational Linguistics},
  keywords = {NLP;Theory;VAE;2022ADVC},
  title    = {{A Batch Normalized Inference Network Keeps the KL Vanishing Away}},
  year     = 2020
}

@article{zhu2020understanding,
  author  = {Zhu, Fenglin and Hwang, Jenq-Neng and Ma, Zhijie and Chen, Guangyu and Guo, Jun},
  journal = {IEEE Access},
  pages   = {169146--169159},
  title   = {Understanding Objects in Video: Object-Oriented Video Captioning via Structured Trajectory and Adversarial Learning},
  volume  = {8},
  year    = {2020}
}

@inproceedings{zhu2021deformable,
  author    = {Zhu, Xizhou and Su, Wei and Lu, Lewei and Li, Bin and Wang, Xiaogang and Dai, Jifeng},
  booktitle = {Proceedings of the International Conference on Learning Representations},
  title     = {Deformable {DETR}: Deformable Transformers for End-to-End Object Detection},
  year      = {2021}
}

@inproceedings{Zhu2022-mg,
  address   = {Gyeongju, Republic of Korea},
  author    = {Zhu, Wanrong and Pang, Bo and Thapliyal, Ashish V and Wang,
               William Yang and Soricut, Radu},
  booktitle = {{Proceedings of the 29th International Conference on
               Computational Linguistics}},
  keywords  = {DVC;2022ADVC},
  pages     = {5651--5665},
  publisher = {International Committee on Computational Linguistics},
  title     = {{End-to-end Dense Video Captioning as Sequence Generation}},
  year      = 2022
}


@article{rahate2021multimodal,
  author        = {Rahate, Anil and Walambe, Rahee and Ramanna, Sheela and Kotecha, Ketan},
  title         = {Multimodal Co-learning: Challenges, Applications with Datasets, Recent Advances and Future Directions},
  journal       = {arXiv preprint arXiv:2107.13782},
  year          = {2021},
  eprint        = {2107.13782},
  archiveprefix = {arXiv},
  primaryclass  = {cs.LG}
}

@article{baltrusaitis2019multimodal,
  author    = {Baltru{\v{s}}aitis, Tadas and Ahuja, Chaitanya and Morency, Louis-Philippe},
  title     = {Multimodal Machine Learning: A Survey and Taxonomy},
  journal   = {IEEE Transactions on Pattern Analysis and Machine Intelligence},
  volume    = {41},
  number    = {2},
  pages     = {423--443},
  year      = {2019},
  publisher = {IEEE}
}

@article{stallings2019automated,
  author  = {Stallings, William},
  title   = {Automated Video Surveillance: Principles and Practice},
  journal = {Computer Security Handbook},
  pages   = {1--24},
  year    = {2019},
  note    = {Department of Homeland Security Technical Report}
}

@article{chen2024integrated,
  author  = {Chen, Wei and Kim, Jong-Wook and Park, Seung-Min and Lee, Hyun-Joo},
  title   = {Integrated AI System for Real-Time Sports Broadcasting: Player Behavior, Game Event Recognition, and Generative AI Commentary in Basketball Games},
  journal = {Applied Sciences},
  volume  = {15},
  number  = {3},
  pages   = {1543},
  year    = {2025},
  note    = {MDPI}
}

@article{luo2020comprehensive,
  author    = {Pereira, Silvio and Ramos, Jo{\~a}o and Rocha, Anderson and Papa, Jo{\~a}o Paulo},
  title     = {A systematic review on content-based video retrieval},
  journal   = {Engineering Applications of Artificial Intelligence},
  volume    = {90},
  pages     = {103557},
  year      = {2020},
  publisher = {Elsevier}
}

@article{long2021temporal,
  author    = {Long, Nicole M and Kuhl, Brice A},
  title     = {Temporal Context Modulates Encoding and Retrieval of Overlapping Events},
  journal   = {Journal of Neuroscience},
  volume    = {42},
  number    = {15},
  pages     = {3081--3090},
  year      = {2022},
  publisher = {Society for Neuroscience}
}